@misc{mir-materials,
  title = {{Munich Internet Research Reat 2016: Materials}},
  howpublished = "\url{https://www.cm.in.tum.de/en/mir}",
  note = "[Online; accessed 23-November-2016]"
}
